@Manual{R-base,
  title = {R: A Language and Environment for Statistical Computing},
  author = {{R Core Team}},
  organization = {R Foundation for Statistical Computing},
  address = {Vienna, Austria},
  year = {2019},
  url = {https://www.R-project.org/},
}
@Manual{R-disturploidy,
  title = {disturploidy: An Individual-Based Model (IBM) Which Simulates Plant
Populations Over Time},
  author = {Rose McKeon},
  year = {2020},
  note = {R package version 0.0.101},
}
@Manual{R-sploidy,
  title = {sploidy: An Individual-Based Model},
  author = {Rose McKeon},
  year = {2020},
  note = {R package version 0.1.8},
}
